
    <record>
      <header>
        <identifier>4493</identifier>
        <datestamp>2008-04-21T01:01:01Z</datestamp>
      </header>
      <metadata>
        <collection xmlns="http://www.loc.gov/MARC21/slim" xsi:schemaLocation="http://www.loc.gov/MARC21/slim https://www.loc.gov/standards/marcxml/schema/MARC21slim.xsd">
          <record>
            <leader>cmm 22 4500</leader>
            <controlfield tag="001">ICPSR04493</controlfield>
            <controlfield tag="003">MiAaI</controlfield>
            <controlfield tag="006">m f a u</controlfield>
            <controlfield tag="007">cr mn mmmmuuuu</controlfield>
            <controlfield tag="008">190117s2008 miu f a eng d</controlfield>
            <datafield tag="035" ind1=" " ind2=" ">
              <subfield code="a">(MiAaI)ICPSR04493</subfield>
            </datafield>
            <datafield tag="040" ind1=" " ind2=" ">
              <subfield code="a">MiAaI</subfield>
              <subfield code="c">MiAaI</subfield>
            </datafield>
            <datafield tag="245" ind1="0" ind2="0">
              <subfield code="a">CBS News/New York Times Election Poll, February 2000</subfield>
              <subfield code="h">[electronic resource]</subfield>
              <subfield code="c">CBS News, The New York Times</subfield>
            </datafield>
            <datafield tag="250" ind1=" " ind2=" ">
              <subfield code="a">2008-04-21</subfield>
            </datafield>
            <datafield tag="260" ind1=" " ind2=" ">
              <subfield code="a">Ann Arbor, Mich.</subfield>
              <subfield code="b">Inter-university Consortium for Political and Social Research [distributor]</subfield>
              <subfield code="c">2008</subfield>
            </datafield>
            <datafield tag="490" ind1=" " ind2=" ">
              <subfield code="a">ICPSR</subfield>
              <subfield code="v">4493</subfield>
            </datafield>
            <datafield tag="490" ind1=" " ind2=" ">
              <subfield code="a">CBS News/New York Times Poll Series</subfield>
            </datafield>
            <datafield tag="516" ind1=" " ind2=" ">
              <subfield code="a">Numeric</subfield>
            </datafield>
            <datafield tag="538" ind1=" " ind2=" ">
              <subfield code="a">Mode of access: Intranet.</subfield>
            </datafield>
            <datafield tag="500" ind1=" " ind2=" ">
              <subfield code="a">Title from ICPSR DDI metadata of 2019-01-17.</subfield>
            </datafield>
            <datafield tag="506" ind1=" " ind2=" ">
              <subfield code="a">AVAILABLE. This study is freely available to ICPSR member institutions.</subfield>
            </datafield>
            <datafield tag="530" ind1=" " ind2=" ">
              <subfield code="a">Also available as downloadable files.</subfield>
            </datafield>
            <datafield tag="522" ind1=" " ind2=" ">
              <subfield code="a">United States</subfield>
            </datafield>
            <datafield tag="520" ind1="3" ind2=" ">
              <subfield code="a">This poll, fielded February 12-14, 2000, is part of a continuing series of monthly surveys that solicit public opinion on the presidency and on a range of other political and social issues. Respondents were asked to give their opinions of President Bill Clinton and his handling of the presidency, foreign policy, and the economy. Views were sought on the condition of the national economy, the projected federal budget surplus, and the most important problem for the government to address in the coming year. Several questions asked how much attention respondents were paying to the 2000 presidential campaign, the likelihood that they would vote in the Republican or Democratic primary, which candidate they expected to win the nomination for each party, and for whom they would vote in the presidential primary and general election. Respondents were asked for their opinions of Republican presidential candidates George W. Bush, John McCain, and Alan Keyes, Democratic presidential candidates Al Gore and Bill Bradley, the main reason they held a favorable or unfavorable opinion of each candidate, and the importance of a candidate's personal qualities and position on issues. Opinions were also solicited of First Lady Hillary Clinton, former President George H.W. Bush, the Democratic, Republican, and Reform parties, and how well members of the United States Congress were handling their jobs. Additional topics included abortion, campaign finance reform, and the effect of elections on the federal government. Information was also collected on the importance of religion on respondents' lives, whether they had access to a computer, Internet access, and e-mail, whether they had served in the United States armed forces, and whether they had a child graduating high school in the class of 2000. Demographic variables include sex, race, age, marital status, household income, education level, religious preference, political party affiliation, political philosophy, voter participation history and registration status, the presence of children and teenagers in the household, and type of residential area (e.g., urban or rural).Cf: http://doi.org/10.3886/ICPSR04493.v1</subfield>
            </datafield>
            <datafield tag="505" ind1=" " ind2=" ">
              <subfield code="t">Dataset</subfield>
            </datafield>
            <datafield tag="567" ind1=" " ind2=" ">
              <subfield code="a">Adult population of the United States aged 18 and over having a telephone at home.</subfield>
            </datafield>
            <datafield tag="650" ind1=" " ind2="7">
              <subfield code="a">abortion</subfield>
              <subfield code="2">icpsr</subfield>
            </datafield>
            <datafield tag="650" ind1=" " ind2="7">
              <subfield code="a">Bradley, Bill</subfield>
              <subfield code="2">icpsr</subfield>
            </datafield>
            <datafield tag="650" ind1=" " ind2="7">
              <subfield code="a">Bush, George H.W.</subfield>
              <subfield code="2">icpsr</subfield>
            </datafield>
            <datafield tag="650" ind1=" " ind2="7">
              <subfield code="a">Bush, George W.</subfield>
              <subfield code="2">icpsr</subfield>
            </datafield>
            <datafield tag="650" ind1=" " ind2="7">
              <subfield code="a">campaign finance reform</subfield>
              <subfield code="2">icpsr</subfield>
            </datafield>
            <datafield tag="650" ind1=" " ind2="7">
              <subfield code="a">campaign issues</subfield>
              <subfield code="2">icpsr</subfield>
            </datafield>
            <datafield tag="650" ind1=" " ind2="7">
              <subfield code="a">Clinton Administration (1993-2001)</subfield>
              <subfield code="2">icpsr</subfield>
            </datafield>
            <datafield tag="650" ind1=" " ind2="7">
              <subfield code="a">Clinton, Bill</subfield>
              <subfield code="2">icpsr</subfield>
            </datafield>
            <datafield tag="650" ind1=" " ind2="7">
              <subfield code="a">Clinton, Hillary</subfield>
              <subfield code="2">icpsr</subfield>
            </datafield>
            <datafield tag="650" ind1=" " ind2="7">
              <subfield code="a">congressional elections (US House)</subfield>
              <subfield code="2">icpsr</subfield>
            </datafield>
            <datafield tag="650" ind1=" " ind2="7">
              <subfield code="a">Democratic Party (USA)</subfield>
              <subfield code="2">icpsr</subfield>
            </datafield>
            <datafield tag="650" ind1=" " ind2="7">
              <subfield code="a">federal government</subfield>
              <subfield code="2">icpsr</subfield>
            </datafield>
            <datafield tag="650" ind1=" " ind2="7">
              <subfield code="a">foreign policy</subfield>
              <subfield code="2">icpsr</subfield>
            </datafield>
            <datafield tag="650" ind1=" " ind2="7">
              <subfield code="a">Gore, Al</subfield>
              <subfield code="2">icpsr</subfield>
            </datafield>
            <datafield tag="650" ind1=" " ind2="7">
              <subfield code="a">Keyes, Alan</subfield>
              <subfield code="2">icpsr</subfield>
            </datafield>
            <datafield tag="650" ind1=" " ind2="7">
              <subfield code="a">McCain, John</subfield>
              <subfield code="2">icpsr</subfield>
            </datafield>
            <datafield tag="650" ind1=" " ind2="7">
              <subfield code="a">national economy</subfield>
              <subfield code="2">icpsr</subfield>
            </datafield>
            <datafield tag="650" ind1=" " ind2="7">
              <subfield code="a">national elections</subfield>
              <subfield code="2">icpsr</subfield>
            </datafield>
            <datafield tag="650" ind1=" " ind2="7">
              <subfield code="a">political campaigns</subfield>
              <subfield code="2">icpsr</subfield>
            </datafield>
            <datafield tag="650" ind1=" " ind2="7">
              <subfield code="a">presidency</subfield>
              <subfield code="2">icpsr</subfield>
            </datafield>
            <datafield tag="650" ind1=" " ind2="7">
              <subfield code="a">presidential campaigns</subfield>
              <subfield code="2">icpsr</subfield>
            </datafield>
            <datafield tag="650" ind1=" " ind2="7">
              <subfield code="a">presidential candidates</subfield>
              <subfield code="2">icpsr</subfield>
            </datafield>
            <datafield tag="650" ind1=" " ind2="7">
              <subfield code="a">presidential elections</subfield>
              <subfield code="2">icpsr</subfield>
            </datafield>
            <datafield tag="650" ind1=" " ind2="7">
              <subfield code="a">presidential performance</subfield>
              <subfield code="2">icpsr</subfield>
            </datafield>
            <datafield tag="650" ind1=" " ind2="7">
              <subfield code="a">primaries</subfield>
              <subfield code="2">icpsr</subfield>
            </datafield>
            <datafield tag="650" ind1=" " ind2="7">
              <subfield code="a">public opinion</subfield>
              <subfield code="2">icpsr</subfield>
            </datafield>
            <datafield tag="650" ind1=" " ind2="7">
              <subfield code="a">Reform Party</subfield>
              <subfield code="2">icpsr</subfield>
            </datafield>
            <datafield tag="650" ind1=" " ind2="7">
              <subfield code="a">Republican Party (USA)</subfield>
              <subfield code="2">icpsr</subfield>
            </datafield>
            <datafield tag="650" ind1=" " ind2="7">
              <subfield code="a">United States Congress</subfield>
              <subfield code="2">icpsr</subfield>
            </datafield>
            <datafield tag="650" ind1=" " ind2="7">
              <subfield code="a">voting behavior</subfield>
              <subfield code="2">icpsr</subfield>
            </datafield>
            <datafield tag="653" ind1="0" ind2=" ">
              <subfield code="a">ICPSR XIV.C.1. Mass Political Behavior and Attitudes, Public Opinion on Political Matters, United States</subfield>
            </datafield>
            <datafield tag="710" ind1="2" ind2=" ">
              <subfield code="a">CBS News</subfield>
            </datafield>
            <datafield tag="710" ind1="2" ind2=" ">
              <subfield code="a">The New York Times</subfield>
            </datafield>
            <datafield tag="710" ind1="2" ind2=" ">
              <subfield code="a">Inter-university Consortium for Political and Social Research.</subfield>
            </datafield>
            <datafield tag="830" ind1=" " ind2="0">
              <subfield code="a">ICPSR (Series)</subfield>
              <subfield code="v">4493</subfield>
            </datafield>
            <datafield tag="856" ind1="4" ind2="0">
              <subfield code="z">Access restricted ; authentication may be required:</subfield>
              <subfield code="u">http://doi.org/10.3886/ICPSR04493.v1</subfield>
            </datafield>
          </record>
        </collection>
      </metadata>
    </record>