
    <record>
      <header>
        <identifier>4495</identifier>
        <datestamp>2006-10-04T01:01:01Z</datestamp>
      </header>
      <metadata>
        <collection xmlns="http://www.loc.gov/MARC21/slim" xsi:schemaLocation="http://www.loc.gov/MARC21/slim https://www.loc.gov/standards/marcxml/schema/MARC21slim.xsd">
          <record>
            <leader>cmm 22 4500</leader>
            <controlfield tag="001">ICPSR04495</controlfield>
            <controlfield tag="003">MiAaI</controlfield>
            <controlfield tag="006">m f a u</controlfield>
            <controlfield tag="007">cr mn mmmmuuuu</controlfield>
            <controlfield tag="008">190117s2006 miu f a eng d</controlfield>
            <datafield tag="035" ind1=" " ind2=" ">
              <subfield code="a">(MiAaI)ICPSR04495</subfield>
            </datafield>
            <datafield tag="040" ind1=" " ind2=" ">
              <subfield code="a">MiAaI</subfield>
              <subfield code="c">MiAaI</subfield>
            </datafield>
            <datafield tag="245" ind1="0" ind2="0">
              <subfield code="a">CBS News/New York Times Monthly Poll, June 1978</subfield>
              <subfield code="h">[electronic resource]</subfield>
              <subfield code="c">CBS News, The New York Times</subfield>
            </datafield>
            <datafield tag="250" ind1=" " ind2=" ">
              <subfield code="a">2006-10-04</subfield>
            </datafield>
            <datafield tag="260" ind1=" " ind2=" ">
              <subfield code="a">Ann Arbor, Mich.</subfield>
              <subfield code="b">Inter-university Consortium for Political and Social Research [distributor]</subfield>
              <subfield code="c">2006</subfield>
            </datafield>
            <datafield tag="490" ind1=" " ind2=" ">
              <subfield code="a">ICPSR</subfield>
              <subfield code="v">4495</subfield>
            </datafield>
            <datafield tag="490" ind1=" " ind2=" ">
              <subfield code="a">CBS News/New York Times Poll Series</subfield>
            </datafield>
            <datafield tag="516" ind1=" " ind2=" ">
              <subfield code="a">Numeric</subfield>
            </datafield>
            <datafield tag="538" ind1=" " ind2=" ">
              <subfield code="a">Mode of access: Intranet.</subfield>
            </datafield>
            <datafield tag="500" ind1=" " ind2=" ">
              <subfield code="a">Title from ICPSR DDI metadata of 2019-01-17.</subfield>
            </datafield>
            <datafield tag="506" ind1=" " ind2=" ">
              <subfield code="a">AVAILABLE. This study is freely available to ICPSR member institutions.</subfield>
            </datafield>
            <datafield tag="530" ind1=" " ind2=" ">
              <subfield code="a">Also available as downloadable files.</subfield>
            </datafield>
            <datafield tag="522" ind1=" " ind2=" ">
              <subfield code="a">United States</subfield>
            </datafield>
            <datafield tag="520" ind1="3" ind2=" ">
              <subfield code="a">This poll, fielded June 19-23, 1978, is part of a continuing series of monthly surveys that solicit public opinion on the presidency and on a range of other political and social issues. Respondents were asked to give their opinions of President Jimmy Carter and his handling of the presidency and foreign policy, as well as their views of the United States Congress and the Republican and Democratic parties. Those queried were asked if they approve of the way Jimmy Carter is handling United States relations with the Soviet Union and if they favor or oppose the United States and Russian agreement on limiting nuclear weapons. Respondent's views were also sought on issues such as United States' relations with Russia and Cuba, economic progress in the United States, and California's passage of Proposition 13 -- which reduces that states' property taxes by more than half. Background information on respondents includes age, race, sex, education, religion, political party, political orientation, marital status, voter registration and participation history, Hispanic descent, and family income.Cf: http://doi.org/10.3886/ICPSR04495.v1</subfield>
            </datafield>
            <datafield tag="505" ind1=" " ind2=" ">
              <subfield code="t">Dataset</subfield>
            </datafield>
            <datafield tag="567" ind1=" " ind2=" ">
              <subfield code="a">Adult population of the United States aged 18 and over having a telephone at home.</subfield>
            </datafield>
            <datafield tag="650" ind1=" " ind2="7">
              <subfield code="a">arms control</subfield>
              <subfield code="2">icpsr</subfield>
            </datafield>
            <datafield tag="650" ind1=" " ind2="7">
              <subfield code="a">arms control agreements</subfield>
              <subfield code="2">icpsr</subfield>
            </datafield>
            <datafield tag="650" ind1=" " ind2="7">
              <subfield code="a">Carter, Jimmy</subfield>
              <subfield code="2">icpsr</subfield>
            </datafield>
            <datafield tag="650" ind1=" " ind2="7">
              <subfield code="a">Democratic Party (USA)</subfield>
              <subfield code="2">icpsr</subfield>
            </datafield>
            <datafield tag="650" ind1=" " ind2="7">
              <subfield code="a">economic conditions</subfield>
              <subfield code="2">icpsr</subfield>
            </datafield>
            <datafield tag="650" ind1=" " ind2="7">
              <subfield code="a">foreign policy</subfield>
              <subfield code="2">icpsr</subfield>
            </datafield>
            <datafield tag="650" ind1=" " ind2="7">
              <subfield code="a">international relations</subfield>
              <subfield code="2">icpsr</subfield>
            </datafield>
            <datafield tag="650" ind1=" " ind2="7">
              <subfield code="a">national economy</subfield>
              <subfield code="2">icpsr</subfield>
            </datafield>
            <datafield tag="650" ind1=" " ind2="7">
              <subfield code="a">nuclear weapons</subfield>
              <subfield code="2">icpsr</subfield>
            </datafield>
            <datafield tag="650" ind1=" " ind2="7">
              <subfield code="a">presidential performance</subfield>
              <subfield code="2">icpsr</subfield>
            </datafield>
            <datafield tag="650" ind1=" " ind2="7">
              <subfield code="a">property taxes</subfield>
              <subfield code="2">icpsr</subfield>
            </datafield>
            <datafield tag="650" ind1=" " ind2="7">
              <subfield code="a">Proposition 13 (California)</subfield>
              <subfield code="2">icpsr</subfield>
            </datafield>
            <datafield tag="650" ind1=" " ind2="7">
              <subfield code="a">public opinion</subfield>
              <subfield code="2">icpsr</subfield>
            </datafield>
            <datafield tag="650" ind1=" " ind2="7">
              <subfield code="a">Republican Party (USA)</subfield>
              <subfield code="2">icpsr</subfield>
            </datafield>
            <datafield tag="650" ind1=" " ind2="7">
              <subfield code="a">United States Congress</subfield>
              <subfield code="2">icpsr</subfield>
            </datafield>
            <datafield tag="653" ind1="0" ind2=" ">
              <subfield code="a">ICPSR XIV.C.1. Mass Political Behavior and Attitudes, Public Opinion on Political Matters, United States</subfield>
            </datafield>
            <datafield tag="710" ind1="2" ind2=" ">
              <subfield code="a">CBS News</subfield>
            </datafield>
            <datafield tag="710" ind1="2" ind2=" ">
              <subfield code="a">The New York Times</subfield>
            </datafield>
            <datafield tag="710" ind1="2" ind2=" ">
              <subfield code="a">Inter-university Consortium for Political and Social Research.</subfield>
            </datafield>
            <datafield tag="830" ind1=" " ind2="0">
              <subfield code="a">ICPSR (Series)</subfield>
              <subfield code="v">4495</subfield>
            </datafield>
            <datafield tag="856" ind1="4" ind2="0">
              <subfield code="z">Access restricted ; authentication may be required:</subfield>
              <subfield code="u">http://doi.org/10.3886/ICPSR04495.v1</subfield>
            </datafield>
          </record>
        </collection>
      </metadata>
    </record>