
    <record>
      <header>
        <identifier>4496</identifier>
        <datestamp>2008-12-11T01:01:01Z</datestamp>
      </header>
      <metadata>
        <collection xmlns="http://www.loc.gov/MARC21/slim" xsi:schemaLocation="http://www.loc.gov/MARC21/slim https://www.loc.gov/standards/marcxml/schema/MARC21slim.xsd">
          <record>
            <leader>cmm 22 4500</leader>
            <controlfield tag="001">ICPSR04496</controlfield>
            <controlfield tag="003">MiAaI</controlfield>
            <controlfield tag="006">m f a u</controlfield>
            <controlfield tag="007">cr mn mmmmuuuu</controlfield>
            <controlfield tag="008">190117s2006 miu f a eng d</controlfield>
            <datafield tag="035" ind1=" " ind2=" ">
              <subfield code="a">(MiAaI)ICPSR04496</subfield>
            </datafield>
            <datafield tag="040" ind1=" " ind2=" ">
              <subfield code="a">MiAaI</subfield>
              <subfield code="c">MiAaI</subfield>
            </datafield>
            <datafield tag="245" ind1="0" ind2="0">
              <subfield code="a">New York Times National Health Care Poll, March 1982</subfield>
              <subfield code="h">[electronic resource]</subfield>
              <subfield code="c">The New York Times</subfield>
            </datafield>
            <datafield tag="250" ind1=" " ind2=" ">
              <subfield code="a">2008-12-11</subfield>
            </datafield>
            <datafield tag="260" ind1=" " ind2=" ">
              <subfield code="a">Ann Arbor, Mich.</subfield>
              <subfield code="b">Inter-university Consortium for Political and Social Research [distributor]</subfield>
              <subfield code="c">2006</subfield>
            </datafield>
            <datafield tag="490" ind1=" " ind2=" ">
              <subfield code="a">ICPSR</subfield>
              <subfield code="v">4496</subfield>
            </datafield>
            <datafield tag="490" ind1=" " ind2=" ">
              <subfield code="a">CBS News/New York Times Poll Series</subfield>
            </datafield>
            <datafield tag="516" ind1=" " ind2=" ">
              <subfield code="a">Numeric</subfield>
            </datafield>
            <datafield tag="538" ind1=" " ind2=" ">
              <subfield code="a">Mode of access: Intranet.</subfield>
            </datafield>
            <datafield tag="500" ind1=" " ind2=" ">
              <subfield code="a">Title from ICPSR DDI metadata of 2019-01-17.</subfield>
            </datafield>
            <datafield tag="506" ind1=" " ind2=" ">
              <subfield code="a">AVAILABLE. This study is freely available to ICPSR member institutions.</subfield>
            </datafield>
            <datafield tag="530" ind1=" " ind2=" ">
              <subfield code="a">Also available as downloadable files.</subfield>
            </datafield>
            <datafield tag="522" ind1=" " ind2=" ">
              <subfield code="a">United States</subfield>
            </datafield>
            <datafield tag="520" ind1="3" ind2=" ">
              <subfield code="a">This special topic poll, fielded March 1-6, 1982, is part of a continuing series of monthly surveys that solicit public opinion on the presidency and on a range of other political and social issues. The focus of this data collection was on national health care. Respondents were queried on the national health care system including whether they were satisfied or dissatisfied with the quality of the doctors and health care in their community, as well as their personal experience with doctors and the health care system in general. Their views were also sought on different issues such as the cost of the health care system, their present health insurance, and a proposal on reducing the cost of health care. Background information on respondents includes age, race, sex, education, religion, marital status, and family income.Cf: http://doi.org/10.3886/ICPSR04496.v2</subfield>
            </datafield>
            <datafield tag="505" ind1=" " ind2=" ">
              <subfield code="t">Dataset</subfield>
            </datafield>
            <datafield tag="567" ind1=" " ind2=" ">
              <subfield code="a">Adult population of the United States aged 18 and over having a telephone at home.</subfield>
            </datafield>
            <datafield tag="650" ind1=" " ind2="7">
              <subfield code="a">doctor visits</subfield>
              <subfield code="2">icpsr</subfield>
            </datafield>
            <datafield tag="650" ind1=" " ind2="7">
              <subfield code="a">health care costs</subfield>
              <subfield code="2">icpsr</subfield>
            </datafield>
            <datafield tag="650" ind1=" " ind2="7">
              <subfield code="a">health care delivery</subfield>
              <subfield code="2">icpsr</subfield>
            </datafield>
            <datafield tag="650" ind1=" " ind2="7">
              <subfield code="a">health care services</subfield>
              <subfield code="2">icpsr</subfield>
            </datafield>
            <datafield tag="650" ind1=" " ind2="7">
              <subfield code="a">health insurance</subfield>
              <subfield code="2">icpsr</subfield>
            </datafield>
            <datafield tag="650" ind1=" " ind2="7">
              <subfield code="a">health services utilization</subfield>
              <subfield code="2">icpsr</subfield>
            </datafield>
            <datafield tag="650" ind1=" " ind2="7">
              <subfield code="a">patient care</subfield>
              <subfield code="2">icpsr</subfield>
            </datafield>
            <datafield tag="653" ind1="0" ind2=" ">
              <subfield code="a">ICPSR IX. Health Care and Health Facilities</subfield>
            </datafield>
            <datafield tag="653" ind1="0" ind2=" ">
              <subfield code="a">ICPSR XIV.C.1. Mass Political Behavior and Attitudes, Public Opinion on Political Matters, United States</subfield>
            </datafield>
            <datafield tag="710" ind1="2" ind2=" ">
              <subfield code="a">The New York Times</subfield>
            </datafield>
            <datafield tag="710" ind1="2" ind2=" ">
              <subfield code="a">Inter-university Consortium for Political and Social Research.</subfield>
            </datafield>
            <datafield tag="830" ind1=" " ind2="0">
              <subfield code="a">ICPSR (Series)</subfield>
              <subfield code="v">4496</subfield>
            </datafield>
            <datafield tag="856" ind1="4" ind2="0">
              <subfield code="z">Access restricted ; authentication may be required:</subfield>
              <subfield code="u">http://doi.org/10.3886/ICPSR04496.v2</subfield>
            </datafield>
          </record>
        </collection>
      </metadata>
    </record>