
    <record>
      <header>
        <identifier>4526</identifier>
        <datestamp>2012-10-26T01:01:01Z</datestamp>
      </header>
      <metadata>
        <collection xmlns="http://www.loc.gov/MARC21/slim" xsi:schemaLocation="http://www.loc.gov/MARC21/slim https://www.loc.gov/standards/marcxml/schema/MARC21slim.xsd">
          <record>
            <leader>cmm 22 4500</leader>
            <controlfield tag="001">ICPSR04526</controlfield>
            <controlfield tag="003">MiAaI</controlfield>
            <controlfield tag="006">m f a u</controlfield>
            <controlfield tag="007">cr mn mmmmuuuu</controlfield>
            <controlfield tag="008">190117s2008 miu f a eng d</controlfield>
            <datafield tag="035" ind1=" " ind2=" ">
              <subfield code="a">(MiAaI)ICPSR04526</subfield>
            </datafield>
            <datafield tag="040" ind1=" " ind2=" ">
              <subfield code="a">MiAaI</subfield>
              <subfield code="c">MiAaI</subfield>
            </datafield>
            <datafield tag="245" ind1="0" ind2="0">
              <subfield code="a">Current Population Survey, February 2003</subfield>
              <subfield code="h">[electronic resource]</subfield>
              <subfield code="b">Tobacco Use Supplement (TUS), 2003 Wave</subfield>
              <subfield code="c">United States. Bureau of the Census, United States Department of Labor. Bureau of Labor Statistics, United States Department of Health and Human Services. Centers for Disease Control and Prevention, United States Department of Health and Human Services. National Institutes of Health. National Cancer Institute</subfield>
            </datafield>
            <datafield tag="250" ind1=" " ind2=" ">
              <subfield code="a">2012-10-26</subfield>
            </datafield>
            <datafield tag="260" ind1=" " ind2=" ">
              <subfield code="a">Ann Arbor, Mich.</subfield>
              <subfield code="b">Inter-university Consortium for Political and Social Research [distributor]</subfield>
              <subfield code="c">2008</subfield>
            </datafield>
            <datafield tag="490" ind1=" " ind2=" ">
              <subfield code="a">ICPSR</subfield>
              <subfield code="v">4526</subfield>
            </datafield>
            <datafield tag="490" ind1=" " ind2=" ">
              <subfield code="a">Current Population Survey Series</subfield>
            </datafield>
            <datafield tag="516" ind1=" " ind2=" ">
              <subfield code="a">Numeric</subfield>
            </datafield>
            <datafield tag="538" ind1=" " ind2=" ">
              <subfield code="a">Mode of access: Intranet.</subfield>
            </datafield>
            <datafield tag="500" ind1=" " ind2=" ">
              <subfield code="a">Title from ICPSR DDI metadata of 2019-01-17.</subfield>
            </datafield>
            <datafield tag="506" ind1=" " ind2=" ">
              <subfield code="a">AVAILABLE. This study is freely available to ICPSR member institutions.</subfield>
            </datafield>
            <datafield tag="530" ind1=" " ind2=" ">
              <subfield code="a">Also available as downloadable files.</subfield>
            </datafield>
            <datafield tag="522" ind1=" " ind2=" ">
              <subfield code="a">United States</subfield>
            </datafield>
            <datafield tag="520" ind1="3" ind2=" ">
              <subfield code="a">&lt;p&gt;This data collection is comprised of responses from two sets of survey questionnaires, the basic Current Population Survey (CPS) and a survey administered as a supplement to the February 2003 questionnaire on the topic of tobacco use in the United States. The Tobacco Use Supplement (TUS), sponsored by the National Cancer Institute and the Centers for Disease Control and Prevention, was also administered in June 2003 (ICPSR 4527) and November 2003 (ICPSR 4528). These three supplements comprise the 2003 wave of TUS data.&lt;/p&gt;&lt;p&gt;The basic CPS, administered monthly, collects labor force data about the civilian noninstitutional population living in the United States. Moreover, the CPS provides current estimates of the economic status and activities of this population which includes estimates of total employment (both farm and nonfarm), nonfarm self-employed persons, domestics, and unpaid helpers in nonfarm family enterprises, wage and salaried employees, and estimates of total unemployment. Data from the CPS are provided for the week prior to the administration of the survey.&lt;/p&gt;&lt;p&gt;The TUS, like most CPS supplements, was designed to be a proxy response supplement, meaning a single respondent could provide answers for all eligible household members, provided the respondent was a household member 15 years of age or older. Unique to the TUS design were also a set of self-respondent supplement questions. All household members age 15 years and older who had completed the basic CPS core items were eligible for the February 2003 supplement items.&lt;/p&gt;&lt;p&gt;The TUS consisted of items PEA1 through PEK5. Self-respondents were eligible for the entire supplement, whereas proxy respondents were only eligible for certain items. Information was collected from proxies on topics such as smoking status (items PEA1-PEA3) and the use of other tobacco-related products, such as pipes, cigars, chewing tobacco, and snuff (items PEJ1a -PEJ2a).&lt;/p&gt;&lt;p&gt;In addition to these smoking status and other tobacco use questions, self-respondents were queried on the following topics depending on their smoking/tobacco use status (i.e., every day, some days, or former cigarette smokers and/or users of other non-cigarette tobacco products):&lt;/p&gt; &lt;list type="bulleted"&gt; &lt;itm&gt;&lt;p&gt;Smoking history&lt;/p&gt;&lt;/itm&gt; &lt;itm&gt;&lt;p&gt;Current cigarette smoking prevalence and consumption&lt;/p&gt;&lt;/itm&gt; &lt;itm&gt;&lt;p&gt;Type of cigarettes smoked&lt;/p&gt;&lt;/itm&gt; &lt;itm&gt;&lt;p&gt;Price of last pack/carton of cigarettes purchased and state where purchased&lt;/p&gt;&lt;/itm&gt; &lt;itm&gt;&lt;p&gt;Medical and dental advice to quit smoking&lt;/p&gt;&lt;/itm&gt; &lt;itm&gt;&lt;p&gt;Attempts and intentions to quit smoking cigarettes and/or other forms of tobacco use&lt;/p&gt;&lt;/itm&gt; &lt;itm&gt;&lt;p&gt;Workplace smoking policies and smoking rules in the home&lt;/p&gt;&lt;/itm&gt; &lt;itm&gt;&lt;p&gt;Attitudes toward smoking in public places&lt;/p&gt;&lt;/itm&gt;&lt;/list&gt;&lt;p&gt;Another generally unique feature to the 2003 TUS-CPS was the administration of questions to former smokers on their previous level of addiction, products/resources/methods used to quit smoking, and advice from health professionals. This feature enables comparisons between characteristics of former smokers (or successful quitters) and current smokers attempting to quit.&lt;/p&gt;&lt;p&gt;Administrative information was collected on who the proxy respondents were, the language in which the interview was conducted, and the survey method (telephone vs. personal-visit interviews; Computer Assisted Telephone Interviewing (CATI) vs. Computer Assisted Personal Interviewing (CAPI)). Demographic information collected include age, sex, race, Hispanic origin, marital status, veteran status, educational attainment, family relationship, occupation, and income.&lt;/p&gt;Cf: http://doi.org/10.3886/ICPSR04526.v2</subfield>
            </datafield>
            <datafield tag="505" ind1=" " ind2=" ">
              <subfield code="t">Dataset</subfield>
            </datafield>
            <datafield tag="567" ind1=" " ind2=" ">
              <subfield code="a">The basic CPS universe consisted of all persons aged 15 and above in the civilian noninstitutional population of the United States. The Tobacco Use Supplement universe consisted of all persons age 15 and above who completed the labor force interview. The February 2003 data differed from June and November in that February used 6 Months In Sample (MIS) but June and November used all 8 MIS. February used Months In Sample (MIS) 1, 2, 3, 5, 6, or 7.</subfield>
            </datafield>
            <datafield tag="650" ind1=" " ind2="7">
              <subfield code="a">addiction</subfield>
              <subfield code="2">icpsr</subfield>
            </datafield>
            <datafield tag="650" ind1=" " ind2="7">
              <subfield code="a">census data</subfield>
              <subfield code="2">icpsr</subfield>
            </datafield>
            <datafield tag="650" ind1=" " ind2="7">
              <subfield code="a">demographic characteristics</subfield>
              <subfield code="2">icpsr</subfield>
            </datafield>
            <datafield tag="650" ind1=" " ind2="7">
              <subfield code="a">disease</subfield>
              <subfield code="2">icpsr</subfield>
            </datafield>
            <datafield tag="650" ind1=" " ind2="7">
              <subfield code="a">employee benefits</subfield>
              <subfield code="2">icpsr</subfield>
            </datafield>
            <datafield tag="650" ind1=" " ind2="7">
              <subfield code="a">employment</subfield>
              <subfield code="2">icpsr</subfield>
            </datafield>
            <datafield tag="650" ind1=" " ind2="7">
              <subfield code="a">full-time employment</subfield>
              <subfield code="2">icpsr</subfield>
            </datafield>
            <datafield tag="650" ind1=" " ind2="7">
              <subfield code="a">Hispanic or Latino origins</subfield>
              <subfield code="2">icpsr</subfield>
            </datafield>
            <datafield tag="650" ind1=" " ind2="7">
              <subfield code="a">households</subfield>
              <subfield code="2">icpsr</subfield>
            </datafield>
            <datafield tag="650" ind1=" " ind2="7">
              <subfield code="a">income</subfield>
              <subfield code="2">icpsr</subfield>
            </datafield>
            <datafield tag="650" ind1=" " ind2="7">
              <subfield code="a">industry</subfield>
              <subfield code="2">icpsr</subfield>
            </datafield>
            <datafield tag="650" ind1=" " ind2="7">
              <subfield code="a">job change</subfield>
              <subfield code="2">icpsr</subfield>
            </datafield>
            <datafield tag="650" ind1=" " ind2="7">
              <subfield code="a">job satisfaction</subfield>
              <subfield code="2">icpsr</subfield>
            </datafield>
            <datafield tag="650" ind1=" " ind2="7">
              <subfield code="a">job training</subfield>
              <subfield code="2">icpsr</subfield>
            </datafield>
            <datafield tag="650" ind1=" " ind2="7">
              <subfield code="a">labor (work)</subfield>
              <subfield code="2">icpsr</subfield>
            </datafield>
            <datafield tag="650" ind1=" " ind2="7">
              <subfield code="a">labor force</subfield>
              <subfield code="2">icpsr</subfield>
            </datafield>
            <datafield tag="650" ind1=" " ind2="7">
              <subfield code="a">labor relations</subfield>
              <subfield code="2">icpsr</subfield>
            </datafield>
            <datafield tag="650" ind1=" " ind2="7">
              <subfield code="a">military service</subfield>
              <subfield code="2">icpsr</subfield>
            </datafield>
            <datafield tag="650" ind1=" " ind2="7">
              <subfield code="a">occupational status</subfield>
              <subfield code="2">icpsr</subfield>
            </datafield>
            <datafield tag="650" ind1=" " ind2="7">
              <subfield code="a">occupations</subfield>
              <subfield code="2">icpsr</subfield>
            </datafield>
            <datafield tag="650" ind1=" " ind2="7">
              <subfield code="a">part-time employment</subfield>
              <subfield code="2">icpsr</subfield>
            </datafield>
            <datafield tag="650" ind1=" " ind2="7">
              <subfield code="a">population characteristics</subfield>
              <subfield code="2">icpsr</subfield>
            </datafield>
            <datafield tag="650" ind1=" " ind2="7">
              <subfield code="a">population estimates</subfield>
              <subfield code="2">icpsr</subfield>
            </datafield>
            <datafield tag="650" ind1=" " ind2="7">
              <subfield code="a">smoking</subfield>
              <subfield code="2">icpsr</subfield>
            </datafield>
            <datafield tag="650" ind1=" " ind2="7">
              <subfield code="a">smoking cessation</subfield>
              <subfield code="2">icpsr</subfield>
            </datafield>
            <datafield tag="650" ind1=" " ind2="7">
              <subfield code="a">tobacco products</subfield>
              <subfield code="2">icpsr</subfield>
            </datafield>
            <datafield tag="650" ind1=" " ind2="7">
              <subfield code="a">tobacco use</subfield>
              <subfield code="2">icpsr</subfield>
            </datafield>
            <datafield tag="650" ind1=" " ind2="7">
              <subfield code="a">work</subfield>
              <subfield code="2">icpsr</subfield>
            </datafield>
            <datafield tag="650" ind1=" " ind2="7">
              <subfield code="a">work experience</subfield>
              <subfield code="2">icpsr</subfield>
            </datafield>
            <datafield tag="650" ind1=" " ind2="7">
              <subfield code="a">working hours</subfield>
              <subfield code="2">icpsr</subfield>
            </datafield>
            <datafield tag="653" ind1="0" ind2=" ">
              <subfield code="a">NACDA III. Economic Characteristics of Older Adults</subfield>
            </datafield>
            <datafield tag="653" ind1="0" ind2=" ">
              <subfield code="a">RCMD V. Health and Well-Being</subfield>
            </datafield>
            <datafield tag="653" ind1="0" ind2=" ">
              <subfield code="a">ICPSR I.A.3. Census Enumerations: Historical and Contemporary Population Characteristics, United States, Current Population Survey Series</subfield>
            </datafield>
            <datafield tag="653" ind1="0" ind2=" ">
              <subfield code="a">RCMD IX. Minority Populations</subfield>
            </datafield>
            <datafield tag="653" ind1="0" ind2=" ">
              <subfield code="a">NAHDAP I. National Addiction and HIV Data Archive Program</subfield>
            </datafield>
            <datafield tag="710" ind1="2" ind2=" ">
              <subfield code="a">United States. Bureau of the Census</subfield>
            </datafield>
            <datafield tag="710" ind1="2" ind2=" ">
              <subfield code="a">United States Department of Labor. Bureau of Labor Statistics</subfield>
            </datafield>
            <datafield tag="710" ind1="2" ind2=" ">
              <subfield code="a">United States Department of Health and Human Services. Centers for Disease Control and Prevention</subfield>
            </datafield>
            <datafield tag="710" ind1="2" ind2=" ">
              <subfield code="a">United States Department of Health and Human Services. National Institutes of Health. National Cancer Institute</subfield>
            </datafield>
            <datafield tag="710" ind1="2" ind2=" ">
              <subfield code="a">Inter-university Consortium for Political and Social Research.</subfield>
            </datafield>
            <datafield tag="830" ind1=" " ind2="0">
              <subfield code="a">ICPSR (Series)</subfield>
              <subfield code="v">4526</subfield>
            </datafield>
            <datafield tag="856" ind1="4" ind2="0">
              <subfield code="z">Access restricted ; authentication may be required:</subfield>
              <subfield code="u">http://doi.org/10.3886/ICPSR04526.v2</subfield>
            </datafield>
          </record>
        </collection>
      </metadata>
    </record>